<?xml version="1.0" encoding="UTF-8"?><collection xmlns="http://www.loc.gov/MARC21/slim"><record><leader>00628nam--2200205-i-4500</leader><controlfield tag="001">000020549</controlfield><controlfield tag="002">20161230</controlfield><controlfield tag="005">20161230201033</controlfield><controlfield tag="008">060222s1000------------r-----000-0-eng-d</controlfield><datafield ind1=" " ind2=" " tag="020"><subfield code="a">3540501150</subfield></datafield><datafield ind1=" " ind2=" " tag="040"><subfield code="a">IFIN-HH</subfield></datafield><datafield ind1=" " ind2=" " tag="080"><subfield code="a">523:533.95:52</subfield></datafield><datafield ind1="1" ind2=" " tag="100"><subfield code="a">Nezlin, M.V</subfield></datafield><datafield ind1="1" ind2="0" tag="245"><subfield code="a">Rossby vortices, spiral structures solitons. astrophysics and plasma physics in shallow water experiments</subfield><subfield code="c">V.m. nezlin, e.n. snezhkin</subfield></datafield><datafield ind1=" " ind2=" " tag="260"><subfield code="a">Berlin</subfield><subfield code="b">Springer-verlag</subfield><subfield code="c">1993</subfield></datafield><datafield ind1=" " ind2=" " tag="300"><subfield code="a">IX+223 P</subfield></datafield><datafield ind1=" " ind2=" " tag="490"><subfield code="a">Springer Series In Nonlinear Dynamics</subfield></datafield><datafield ind1="1" ind2=" " tag="700"><subfield code="a">Snezhkin, E.N</subfield></datafield><datafield ind1=" " ind2=" " tag="852"><subfield code="a">80394</subfield><subfield code="c">523</subfield></datafield><datafield ind1=" " ind2=" " tag="CAT"><subfield code="a">Sys</subfield><subfield code="c">20141210</subfield><subfield code="h">142506</subfield></datafield></record></collection>